@book{latex,
  title = {LaTeX : A Documentation Preparation System User's Guide and Reference Manual},
  publisher = {Addison-Wesley Professional},
  year = {1994},
  author = {Leslie Lamport},
  isbn = {123456789}
}

@book{test,
  title = {test: a test testing tester},
  publisher = {testpub},
  year = {7357},
  author = {Chuck Tester},
  isbn = {123464}
}
